<?xml version="1.0" encoding="UTF-8"?><collection xmlns="http://www.loc.gov/MARC21/slim"><record><leader>00473nam--2200169-i-4500</leader><controlfield tag="001">000046106</controlfield><controlfield tag="002">20161230</controlfield><controlfield tag="005">20161230201045</controlfield><controlfield tag="008">060222s1000------------r-----000-0-eng-d</controlfield><datafield ind1=" " ind2=" " tag="040"><subfield code="a">IFIN-HH</subfield></datafield><datafield ind1=" " ind2=" " tag="080"><subfield code="a">539.893</subfield></datafield><datafield ind1="1" ind2=" " tag="100"><subfield code="a">Vanitterbeek,A</subfield></datafield><datafield ind1="1" ind2="0" tag="245"><subfield code="a">Physics of high pressures and the condensed phase</subfield><subfield code="c">A. van itterbeek (ed.)</subfield></datafield><datafield ind1=" " ind2=" " tag="260"><subfield code="a">Amsterdam</subfield><subfield code="b">North-holland Publishing Company</subfield><subfield code="c">1965</subfield></datafield><datafield ind1=" " ind2=" " tag="300"><subfield code="a">XV+598P</subfield></datafield><datafield ind1=" " ind2=" " tag="852"><subfield code="a">77250</subfield><subfield code="c">536</subfield></datafield><datafield ind1=" " ind2=" " tag="CAT"><subfield code="a">Sys</subfield><subfield code="c">20110512</subfield><subfield code="h">095606</subfield></datafield></record></collection>